@book{rubin1987multiple,
title={Multiple imputation for nonresponse in surveys},
author={Rubin, Donald B},
year={1987},
publisher={John Wiley \& Sons, Inc.}
}

@book{Little,
author = {Little, Roderick J A and Rubin, Donald B},
title = {Statistical Analysis with Missing Data},
year = {1986},
isbn = {0-471-80254-9},
publisher = {John Wiley \& Sons, Inc.},
address = {New York, NY, USA},
} 

@article{rubin1976,
  title={Inference and missing data},
  author={Rubin, Donald B},
  journal={Biometrika},
  volume={63},
  number={3},
  pages={581--592},
  year={1976},
  publisher={Biometrika Trust}
}

 @article{schafer2002missing,
  title={Missing data: our view of the state of the art.},
  author={Schafer, Joseph L and Graham, John W},
  journal={Psychological methods},
  volume={7},
  number={2},
  pages={147},
  year={2002},
  publisher={American Psychological Association}
}

  @article{baraldi2010introduction,
  title={An introduction to modern missing data analyses},
  author={Baraldi, Amanda N and Enders, Craig K},
  journal={Journal of School Psychology},
  volume={48},
  number={1},
  pages={5--37},
  year={2010},
  publisher={Elsevier}
}

@article{Enders06,
	Author = {Enders, Craig K},
	Date-Added = {2016-06-20 20:35:10 +0000},
	Journal = {Psychosomatic medicine},
	Pages = {427--436},
	Title = {A primer on the use of modern missing-data methods in psychosomatic medicine research.},
	Volume = {68},
	Year = {2006}}


@article{Srinath,
title = "Multiphase Sampling in Nonresponse Problems",
author = "Srinath, K. P.",
publisher = "American Statistical Association",
year = "1971",
doi = "10.2307/2283533",
journal = "{Journal of the American Statistical Association}",
volume = "66",
number = "335",
pages = "583--586",
language = "eng",
}


@article{Hurwitz,
title = "The Problem of Nonresponse in Sample Surveys",
author = "Hansen, Morris H. and Hurwitz, William N.",
publisher = "American Statistical Association",
year = "2004",
doi = "10.1198/000313004X6328",
journal = "{The American Statistician}",
volume = "58",
number = "4",
pages = "292--294",
language = "eng",
}


@misc{ESS,
author = {ESS sampling guidelines,},
title = {Sampling for the European Social Survey Round VII: Principles and Requirements},
date = {January 29, 2014},
language = {English},
version = {Version 2},
organization = {The ESS Sampling Expert Panel},
pagetotal = {21},
pubstate = {January 29, 2014},
}

@misc{GSS,
Author = {GSS Codebook Appendix A,},
title = {CUMULATIVE CODEBOOK Appendix A. Sampling Design and Weighting},
date = {April, 2016},
language = {English},
organization = {NORC University of Chicago},
pagetotal = {3553},
pubstate = {April, 2016},
}

@misc{HIS,
title = {Health Interview Survey 2013, Research Protocol},
date = {June, 2013},
language = {English},
organization = {Scientific Institute of Public Health, Brussels},
pagetotal = {91},
pubstate = {June, 2013},
}


@article{Schafer99,
title = "Multiple imputation: a primer",
author = "Schafer, J L",
year = "1999",
journal = "{Statistical methods in medical research}",
volume = "8",
number = "1",
pages = "3-15",
keywords = "Data Interpretation, Statistical, Monte Carlo Method",
language = "eng",
}

@article{durbin1953,
  title={Some results in sampling theory when the units are selected with unequal probabilities},
  author={Durbin, James},
  journal={Journal of the Royal Statistical Society. Series B (Methodological)},
  pages={262--269},
  year={1953},
  publisher={JSTOR}
}
